@article{mds2017,
  title={Multi-Document Text Summarization},
  author={Eskici, Kevin and Perez, Luis A},
  year={2017}
}

@article{wikisum,
  author    = {Peter J. Liu and
               Mohammad Saleh and
               Etienne Pot and
               Ben Goodrich and
               Ryan Sepassi and
               Lukasz Kaiser and
               Noam Shazeer},
  title     = {Generating Wikipedia by Summarizing Long Sequences},
  journal   = {CoRR},
  volume    = {abs/1801.10198},
  year      = {2018},
  url       = {http://arxiv.org/abs/1801.10198},
  archivePrefix = {arXiv},
  eprint    = {1801.10198},
  timestamp = {Mon, 13 Aug 2018 16:49:07 +0200},
  biburl    = {https://dblp.org/rec/journals/corr/abs-1801-10198.bib},
  bibsource = {dblp computer science bibliography, https://dblp.org}
}

@inproceedings{rouge,
    title = "{ROUGE}: A Package for Automatic Evaluation of Summaries",
    author = "Lin, Chin-Yew",
    booktitle = "Text Summarization Branches Out",
    month = jul,
    year = "2004",
    address = "Barcelona, Spain",
    publisher = "Association for Computational Linguistics",
    url = "https://www.aclweb.org/anthology/W04-1013",
    pages = "74--81",
}

@article{lda,
  title={Latent dirichlet allocation},
  author={Blei, David M and Ng, Andrew Y and Jordan, Michael I},
  journal={the Journal of machine Learning research},
  volume={3},
  pages={993--1022},
  year={2003},
  publisher={JMLR. org}
}

@inproceedings{onelinelda,
  title={Online learning for latent dirichlet allocation},
  author={Hoffman, Matthew and Bach, Francis R and Blei, David M},
  booktitle={advances in neural information processing systems},
  pages={856--864},
  year={2010},
  organization={Citeseer}
}

@article{simsum,
  title={Summarizing similarities and differences among related documents},
  author={Mani, Inderjeet and Bloedorn, Eric},
  journal={Information Retrieval},
  volume={1},
  number={1},
  pages={35--67},
  year={1999},
  publisher={Springer}
}

@inproceedings{sensum,
  title={Multi-document summarization using sentence-based topic models},
  author={Wang, Dingding and Zhu, Shenghuo and Li, Tao and Gong, Yihong},
  booktitle={Proceedings of the ACL-IJCNLP 2009 conference short papers},
  pages={297--300},
  year={2009}
}

